@misc{bartlett2008notes,
  author       = {Peter Bartlett},
  howpublished = {Lecture notes},
  title        = {\href{https://people.eecs.berkeley.edu/~bartlett/courses/281b-sp08/}{CS 281B / Stat 241B Statistical Learning Theory}},
  year         = {Spring 2008},
  url          = {https://people.eecs.berkeley.edu/~bartlett/courses/281b-sp08/}
}
@misc{bartlett2014notes,
  author       = {Peter Bartlett},
  howpublished = {{Lecture notes}},
  title        = {\href{https://www.stat.berkeley.edu/~bartlett/courses/2014spring-cs281bstat241b/}{CS 281B / Stat 241B Statistical Learning Theory}},
  year         = {Spring 2014},
  url          = {https://www.stat.berkeley.edu/~bartlett/courses/2014spring-cs281bstat241b/}
}
@article{chen2019model,
  title   = {Model-free nonconvex matrix completion: Local minima analysis and applications in memory-efficient kernel PCA},
  author  = {Chen, Ji and Li, Xiaodong},
  journal = {Journal of Machine Learning Research},
  volume  = {20},
  number  = {142},
  pages   = {1--39},
  year    = {2019}
}
@article{hofmann_2008,
  doi       = {10.1214/009053607000000677},
  url       = {https://doi.org/10.1214%2F009053607000000677},
  year      = 2008,
  month     = {jun},
  publisher = {Institute of Mathematical Statistics},
  volume    = {36},
  number    = {3},
  author    = {Thomas Hofmann and Bernhard Sch√∂lkopf and Alexander J. Smola},
  title     = {\href{https://arxiv.org/abs/math/0701907}{Kernel methods in machine learning}},
  journal   = {The Annals of Statistics}
}
@book{horn2013matrix,
  title     = {Matrix Analysis},
  author    = {Horn, R.A. and Johnson, C.R.},
  isbn      = {9781139788885},
  url       = {https://books.google.com/books?id=O7sgAwAAQBAJ},
  year      = {2013},
  publisher = {Cambridge University Press}
}
@misc{matlab2023pca,
  year      = {2022},
  author    = {The MathWorks Inc.},
  title     = {Statistics and machine learning toolbox},
  publisher = {The MathWorks Inc.},
  address   = {Natick, Massachusetts, United States},
  url       = {https://www.mathworks.com/help/stats/index.html}
}
@book{mohri2012foundations,
  title     = {\href{https://cs.nyu.edu/~mohri/mlbook/}{Foundations of Machine Learning}},
  author    = {Mehryar Mohri and Afshin Rostamizadeh and Ameet Talwalkar},
  isbn      = {9780262018258},
  lccn      = {2012007249},
  series    = {Adaptive Computation and Machine Learning series},
  url       = {https://books.google.com/books?id=maz6AQAAQBAJ},
  year      = {2012},
  publisher = {MIT Press}
}
@book{rudin1987real,
  title     = {Real and Complex Analysis},
  author    = {Rudin, Walter},
  isbn      = {9780070542341},
  lccn      = {86000007},
  series    = {Higher Mathematics Series},
  url       = {https://books.google.com/books?id=Z\_fuAAAAMAAJ},
  year      = {1987},
  publisher = {McGraw-Hill Education}
}

@misc{rudin2020notes,
  author       = {Cynthia Rudin},
  howpublished = {Self-pub},
  title        = {\href{https://users.cs.duke.edu/~cynthia/teaching.html}{Intuition for the Algorithms of Machine Learning}},
  year         = {2020},
  url          = {https://users.cs.duke.edu/~cynthia/teaching.html}
}

@inproceedings{scholkopf1997kernel,
  title        = {Kernel principal component analysis},
  author       = {Sch{\"o}lkopf, Bernhard and Smola, Alexander and M{\"u}ller, Klaus-Robert},
  booktitle    = {International conference on artificial neural networks},
  pages        = {583--588},
  year         = {1997},
  organization = {Springer}
}

@unpublished{shalizi2021advanced,
  author = {Cosma Rohilla Shalizi},
  note   = {Draft textbook},
  title  = {\href{https://www.stat.cmu.edu/~cshalizi/ADAfaEPoV/}{Advanced Data Analysis from an Elementary Point of View}},
  year   = {2021},
  url    = {https://www.stat.cmu.edu/~cshalizi/ADAfaEPoV/}
}

@book{shawe2004kernel,
  title     = {\href{https://doi.org/10.1017/CBO9780511809682}{Kernel Methods for Pattern Analysis}},
  author    = {John Shawe-Taylor and Nello Cristianini},
  isbn      = {9780521813976},
  lccn      = {30695900},
  url       = {https://books.google.com/books?id=9i0vg12lti4C},
  year      = {2004},
  publisher = {Cambridge University Press}
}

@book{small1994hilbert,
  author    = {Small, Christopher G. and Mcleish, D.L.},
  publisher = {John Wiley \& Sons, Inc},
  title     = {Hilbert Space Methods in Probability and Statistical Inference},
  year      = {1994}
}

@article{scholkopf1998nonlinear,
  title={Nonlinear component analysis as a kernel eigenvalue problem},
  author={Sch{\"o}lkopf, Bernhard and Smola, Alexander and M{\"u}ller, Klaus-Robert},
  journal={Neural computation},
  volume={10},
  number={5},
  pages={1299--1319},
  year={1998},
  publisher={MIT Press}
}

@book{kreyszig1991introductory,
  title={Introductory Functional Analysis with Applications},
  author={Kreyszig, E.},
  isbn={9780471504597},
  lccn={77002560},
  series={Wiley Classics Library},
  url={https://books.google.com/books?id=AQtMEAAAQBAJ},
  year={1991},
  publisher={Wiley}
}
